@techreport{jappelli2024intertemporal,
  title={Intertemporal MPC and Shock Size},
  author={Jappelli, Tullio and Savoia, Ettore and Sciacchetano, Alessandro},
  year={2024},
  institution={Sveriges Riksbank},
  volume={443},
  type={Working paper}
}

@techreport{colarieti2024and,
  title={The how and why of household reactions to income shocks},
  author={Colarieti, Roberto and Mei, Pierfrancesco and Stantcheva, Stefanie},
  year={2024},
  institution={National Bureau of Economic Research}
}


@techreport{crawley2024parsimonious,
	title={A Parsimonious Model of Idiosyncratic Income},
	author={Crawley, Edmund and Holm, Martin B. and Tretvoll, H{\aa}kon},
	year={2024},
	month = {September},
	type = {Working paper}
}

@article{boppart2018exploiting,
	title={Exploiting MIT shocks in heterogeneous-agent economies: the impulse response as a numerical derivative},
	author={Boppart, Timo and Krusell, Per and Mitman, Kurt},
	journal={Journal of Economic Dynamics and Control},
	volume={89},
	pages={68--92},
	year={2018},
	publisher={Elsevier}
}

@techreport{broer2025stimulus, 
	title={Stimulus Effects of Common Fiscal Policies}, 
	author={Broer, Tobias and Druedahl, Jeppe and Harmenberg, Karl and {\"O}berg, Erik}, 
	year={2025}, 
	type={CEPR Discussion Paper}, 
	number={19823}
}

@techreport{cohen2025disemployment,
	title={Disemployment Effects of Unemployment Insurance: A Meta-Analysis}, 
	author={Cohen, Jonathan P. and Ganong, Peter}, 
	year={2025}, 
	type={NBER Working Paper}, 
	number={32832}
}
