@PREAMBLE{ "\providecommand{\noopsort}[1]{} "
	 # "\providecommand{\singleletter}[1]{#1} " }
@PREAMBLE{ "\providecommand{\noopsort}[1]{} "
	 # "\providecommand{\singleletter}[1]{#1} " }

@TechReport{	  benigno2023baaack,
  title		= "It’s Baaack: The Surge in Inflation in the 2020s and the
		  Return of the Non-Linear Phillips Curve",
  author	= "Benigno, Pierpaolo and Eggertsson, Gauti B",
  institution	= "National Bureau of Economic Research",
  type		= "Working Paper",
  series	= "Working Paper Series",
  number	= "31197",
  year		= "2023",
  month		= "April",
  doi		= {10.3386/w31197},
  url		= "http://www.nber.org/papers/w31197"
}

@TechReport{	  blanco2024nonlinear,
  title		= "Non-Linear Inflation Dynamics in Menu Cost Economies",
  author	= "Blanco, Andres and Boar, Corina and Jones, Callum J and
		  Midrigan, Virgiliu",
  institution	= "National Bureau of Economic Research",
  type		= "Working Paper",
  series	= "Working Paper Series",
  number	= "32094",
  year		= "2024",
  month		= "January",
  doi		= {10.3386/w32094},
  url		= "http://www.nber.org/papers/w32094"
}

@TechReport{	  benigno2023baaack,
  title		= "It’s Baaack: The Surge in Inflation in the 2020s and the
		  Return of the Non-Linear Phillips Curve",
  author	= "Benigno, Pierpaolo and Eggertsson, Gauti B",
  institution	= "National Bureau of Economic Research",
  type		= "Working Paper",
  series	= "Working Paper Series",
  number	= "31197",
  year		= "2023",
  month		= "April",
  doi		= {10.3386/w31197},
  url		= "http://www.nber.org/papers/w31197"
}

@TechReport{	  blanco2024nonlinear,
  title		= "Non-Linear Inflation Dynamics in Menu Cost Economies",
  author	= "Blanco, Andres and Boar, Corina and Jones, Callum J and
		  Midrigan, Virgiliu",
  institution	= "National Bureau of Economic Research",
  type		= "Working Paper",
  series	= "Working Paper Series",
  number	= "32094",
  year		= "2024",
  month		= "January",
  doi		= {10.3386/w32094},
  url		= "http://www.nber.org/papers/w32094"
}

@Article{	  parker2017don,
  title		= {Why don't households smooth consumption? Evidence from a
		  {\$25} million experiment},
  author	= {Parker, Jonathan A},
  journal	= {American Economic Journal: Macroeconomics},
  volume	= {9},
  number	= {4},
  pages		= {153--183},
  year		= {2017},
  publisher	= {American Economic Association 2014 Broadway, Suite 305,
		  Nashville, TN 37203-2425}
}

@Article{	  parker2017don,
  title		= {Why don't households smooth consumption? Evidence from a
		  {\$25} million experiment},
  author	= {Parker, Jonathan A},
  journal	= {American Economic Journal: Macroeconomics},
  volume	= {9},
  number	= {4},
  pages		= {153--183},
  year		= {2017},
  publisher	= {American Economic Association 2014 Broadway, Suite 305,
		  Nashville, TN 37203-2425}
}

@Article{	  parker2017don,
  title		= {Why don’t households smooth consumption? Evidence from a
		  {\$25} million experiment},
  author	= {Parker, Jonathan A},
  journal	= {American Economic Journal: Macroeconomics},
  volume	= {9},
  number	= {4},
  pages		= {153--183},
  year		= {2017},
  publisher	= {American Economic Association 2014 Broadway, Suite 305,
		  Nashville, TN 37203-2425}
}

@Article{	  carroll2020modeling,
  title		= {Modeling the consumption response to the {CARES} act},
  author	= {Carroll, Christopher D and Crawley, Edmund and Slacalek,
		  Jiri and White, Matthew N},
  journal	= {Covid Economics},
  volume	= {10},
  pages		= {62--86},
  year		= {2020},
  publisher	= {CEPR Press}
}

@Article{	  fagereng_mpc_2021,
  title		= {{MPC} {Heterogeneity} and {Household} {Balance} {Sheets}},
  volume	= {13},
  issn		= {1945-7707},
  url		= {https://www.aeaweb.org/articles?id=10.1257/mac.20190211},
  doi		= {10.1257/mac.20190211},
  abstract	= {We use sizable lottery prizes in Norwegian administrative
		  panel data to explore how transitory income shocks are
		  spent and saved over time and how households' marginal
		  propensities to consume (MPCs) vary with household
		  characteristics and shock size. We find that spending peaks
		  in the year of winning and gradually reverts to normal
		  within five years. Controlling for all items on households'
		  balance sheets and characteristics such as education and
		  income, it is the amount won, age, and liquid assets that
		  vary systematically with MPCs. Low-liquidity winners of the
		  smallest prizes (around US\$1,500) are estimated to spend
		  all within the year of winning. The corresponding estimate
		  for high-liquidity winners of large prizes
		  (US\$8,300–150,000) is slightly below one-half. While
		  conventional models will struggle to account for such high
		  MPC levels, we show that a two-asset life cycle model with
		  a realistic earnings profile and a luxury bequest motive
		  can account for both the time profile of consumption
		  responses and their systematic covariation with
		  observables.},
  language	= {en},
  number	= {4},
  urldate	= {2022-02-11},
  journal	= {American Economic Journal: Macroeconomics},
  author	= {Fagereng, Andreas and Holm, Martin B. and Natvik, Gisle
		  J.},
  month		= oct,
  year		= {2021},
  keywords	= {Consumer Economics: Empirical Analysis, Intertemporal
		  Household Choice, includes inheritance and gift taxes, Life
		  Cycle Models and Saving, Macroeconomics: Consumption,
		  Saving, Wealth, Household Finance: Household Saving,
		  Borrowing, Debt, and Wealth, Personal Income and Other
		  Nonbusiness Taxes and Subsidies},
  pages		= {1--54},
  file		= {Snapshot:C\:\\Users\\ifr\\Zotero\\storage\\JSR3NCW9\\articles.html:text/html}
}

@Article{	  davis_recessions_2011,
  issn		= {00072303, 15334465},
  url		= {http://www.jstor.org/stable/41473597},
  author	= {Steven J. Davis and Till Von Wachter},
  journal	= {Brookings Papers on Economic Activity},
  pages		= {1--72},
  publisher	= {Brookings Institution Press},
  title		= {Recessions and the Costs of Job Loss},
  urldate	= {2022-04-08},
  year		= {2011}
}

@Article{	  carroll2020modeling,
  title		= {Modeling the consumption response to the {CARES} act},
  author	= {Carroll, Christopher D and Crawley, Edmund and Slacalek,
		  Jiri and White, Matthew N},
  journal	= {Covid Economics},
  volume	= {10},
  pages		= {62--86},
  year		= {2020},
  publisher	= {CEPR Press}
}

@Article{	  fagereng_mpc_2021,
  title		= {{MPC} {Heterogeneity} and {Household} {Balance} {Sheets}},
  volume	= {13},
  issn		= {1945-7707},
  url		= {https://www.aeaweb.org/articles?id=10.1257/mac.20190211},
  doi		= {10.1257/mac.20190211},
  abstract	= {We use sizable lottery prizes in Norwegian administrative
		  panel data to explore how transitory income shocks are
		  spent and saved over time and how households' marginal
		  propensities to consume (MPCs) vary with household
		  characteristics and shock size. We find that spending peaks
		  in the year of winning and gradually reverts to normal
		  within five years. Controlling for all items on households'
		  balance sheets and characteristics such as education and
		  income, it is the amount won, age, and liquid assets that
		  vary systematically with MPCs. Low-liquidity winners of the
		  smallest prizes (around US\$1,500) are estimated to spend
		  all within the year of winning. The corresponding estimate
		  for high-liquidity winners of large prizes
		  (US\$8,300–150,000) is slightly below one-half. While
		  conventional models will struggle to account for such high
		  MPC levels, we show that a two-asset life cycle model with
		  a realistic earnings profile and a luxury bequest motive
		  can account for both the time profile of consumption
		  responses and their systematic covariation with
		  observables.},
  language	= {en},
  number	= {4},
  urldate	= {2022-02-11},
  journal	= {American Economic Journal: Macroeconomics},
  author	= {Fagereng, Andreas and Holm, Martin B. and Natvik, Gisle
		  J.},
  month		= oct,
  year		= {2021},
  keywords	= {Consumer Economics: Empirical Analysis, Intertemporal
		  Household Choice, includes inheritance and gift taxes, Life
		  Cycle Models and Saving, Macroeconomics: Consumption,
		  Saving, Wealth, Household Finance: Household Saving,
		  Borrowing, Debt, and Wealth, Personal Income and Other
		  Nonbusiness Taxes and Subsidies},
  pages		= {1--54},
  file		= {Snapshot:C\:\\Users\\ifr\\Zotero\\storage\\JSR3NCW9\\articles.html:text/html}
}

@Article{	  davis_recessions_2011,
  issn		= {00072303, 15334465},
  url		= {http://www.jstor.org/stable/41473597},
  author	= {Steven J. Davis and Till Von Wachter},
  journal	= {Brookings Papers on Economic Activity},
  pages		= {1--72},
  publisher	= {Brookings Institution Press},
  title		= {Recessions and the Costs of Job Loss},
  urldate	= {2022-04-08},
  year		= {2011}
}

@TechReport{	  benigno2023baaack,
  title		= "It’s Baaack: The Surge in Inflation in the 2020s and the
		  Return of the Non-Linear Phillips Curve",
  author	= "Benigno, Pierpaolo and Eggertsson, Gauti B",
  institution	= "National Bureau of Economic Research",
  type		= "Working Paper",
  series	= "Working Paper Series",
  number	= "31197",
  year		= "2023",
  month		= "April",
  doi		= {10.3386/w31197},
  url		= "http://www.nber.org/papers/w31197"
}

@TechReport{	  blanco2024nonlinear,
  title		= "Non-Linear Inflation Dynamics in Menu Cost Economies",
  author	= "Blanco, Andres and Boar, Corina and Jones, Callum J and
		  Midrigan, Virgiliu",
  institution	= "National Bureau of Economic Research",
  type		= "Working Paper",
  series	= "Working Paper Series",
  number	= "32094",
  year		= "2024",
  month		= "January",
  doi		= {10.3386/w32094},
  url		= "http://www.nber.org/papers/w32094"
}

@Article{	  parker2017don,
  title		= {Why don't households smooth consumption? Evidence from a
		  {\$25} million experiment},
  author	= {Parker, Jonathan A},
  journal	= {American Economic Journal: Macroeconomics},
  volume	= {9},
  number	= {4},
  pages		= {153--183},
  year		= {2017},
  publisher	= {American Economic Association 2014 Broadway, Suite 305,
		  Nashville, TN 37203-2425}
}

@Article{	  parker2017don,
  title		= {Why don't households smooth consumption? Evidence from a
		  {\$25} million experiment},
  author	= {Parker, Jonathan A},
  journal	= {American Economic Journal: Macroeconomics},
  volume	= {9},
  number	= {4},
  pages		= {153--183},
  year		= {2017},
  publisher	= {American Economic Association 2014 Broadway, Suite 305,
		  Nashville, TN 37203-2425}
}

@Article{	  parker2017don,
  title		= {Why don’t households smooth consumption? Evidence from a
		  {\$25} million experiment},
  author	= {Parker, Jonathan A},
  journal	= {American Economic Journal: Macroeconomics},
  volume	= {9},
  number	= {4},
  pages		= {153--183},
  year		= {2017},
  publisher	= {American Economic Association 2014 Broadway, Suite 305,
		  Nashville, TN 37203-2425}
}

@Article{	  carroll2020modeling,
  title		= {Modeling the consumption response to the {CARES} act},
  author	= {Carroll, Christopher D and Crawley, Edmund and Slacalek,
		  Jiri and White, Matthew N},
  journal	= {Covid Economics},
  volume	= {10},
  pages		= {62--86},
  year		= {2020},
  publisher	= {CEPR Press}
}

@Article{	  fagereng_mpc_2021,
  title		= {{MPC} {Heterogeneity} and {Household} {Balance} {Sheets}},
  volume	= {13},
  issn		= {1945-7707},
  url		= {https://www.aeaweb.org/articles?id=10.1257/mac.20190211},
  doi		= {10.1257/mac.20190211},
  abstract	= {We use sizable lottery prizes in Norwegian administrative
		  panel data to explore how transitory income shocks are
		  spent and saved over time and how households' marginal
		  propensities to consume (MPCs) vary with household
		  characteristics and shock size. We find that spending peaks
		  in the year of winning and gradually reverts to normal
		  within five years. Controlling for all items on households'
		  balance sheets and characteristics such as education and
		  income, it is the amount won, age, and liquid assets that
		  vary systematically with MPCs. Low-liquidity winners of the
		  smallest prizes (around US\$1,500) are estimated to spend
		  all within the year of winning. The corresponding estimate
		  for high-liquidity winners of large prizes
		  (US\$8,300–150,000) is slightly below one-half. While
		  conventional models will struggle to account for such high
		  MPC levels, we show that a two-asset life cycle model with
		  a realistic earnings profile and a luxury bequest motive
		  can account for both the time profile of consumption
		  responses and their systematic covariation with
		  observables.},
  language	= {en},
  number	= {4},
  urldate	= {2022-02-11},
  journal	= {American Economic Journal: Macroeconomics},
  author	= {Fagereng, Andreas and Holm, Martin B. and Natvik, Gisle
		  J.},
  month		= oct,
  year		= {2021},
  keywords	= {Consumer Economics: Empirical Analysis, Intertemporal
		  Household Choice, includes inheritance and gift taxes, Life
		  Cycle Models and Saving, Macroeconomics: Consumption,
		  Saving, Wealth, Household Finance: Household Saving,
		  Borrowing, Debt, and Wealth, Personal Income and Other
		  Nonbusiness Taxes and Subsidies},
  pages		= {1--54},
  file		= {Snapshot:C\:\\Users\\ifr\\Zotero\\storage\\JSR3NCW9\\articles.html:text/html}
}

@Article{	  davis_recessions_2011,
  issn		= {00072303, 15334465},
  url		= {http://www.jstor.org/stable/41473597},
  author	= {Steven J. Davis and Till Von Wachter},
  journal	= {Brookings Papers on Economic Activity},
  pages		= {1--72},
  publisher	= {Brookings Institution Press},
  title		= {Recessions and the Costs of Job Loss},
  urldate	= {2022-04-08},
  year		= {2011}
}

@Article{	  carroll2020modeling,
  title		= {Modeling the consumption response to the {CARES} act},
  author	= {Carroll, Christopher D and Crawley, Edmund and Slacalek,
		  Jiri and White, Matthew N},
  journal	= {Covid Economics},
  volume	= {10},
  pages		= {62--86},
  year		= {2020},
  publisher	= {CEPR Press}
}

@Article{	  fagereng_mpc_2021,
  title		= {{MPC} {Heterogeneity} and {Household} {Balance} {Sheets}},
  volume	= {13},
  issn		= {1945-7707},
  url		= {https://www.aeaweb.org/articles?id=10.1257/mac.20190211},
  doi		= {10.1257/mac.20190211},
  abstract	= {We use sizable lottery prizes in Norwegian administrative
		  panel data to explore how transitory income shocks are
		  spent and saved over time and how households' marginal
		  propensities to consume (MPCs) vary with household
		  characteristics and shock size. We find that spending peaks
		  in the year of winning and gradually reverts to normal
		  within five years. Controlling for all items on households'
		  balance sheets and characteristics such as education and
		  income, it is the amount won, age, and liquid assets that
		  vary systematically with MPCs. Low-liquidity winners of the
		  smallest prizes (around US\$1,500) are estimated to spend
		  all within the year of winning. The corresponding estimate
		  for high-liquidity winners of large prizes
		  (US\$8,300–150,000) is slightly below one-half. While
		  conventional models will struggle to account for such high
		  MPC levels, we show that a two-asset life cycle model with
		  a realistic earnings profile and a luxury bequest motive
		  can account for both the time profile of consumption
		  responses and their systematic covariation with
		  observables.},
  language	= {en},
  number	= {4},
  urldate	= {2022-02-11},
  journal	= {American Economic Journal: Macroeconomics},
  author	= {Fagereng, Andreas and Holm, Martin B. and Natvik, Gisle
		  J.},
  month		= oct,
  year		= {2021},
  keywords	= {Consumer Economics: Empirical Analysis, Intertemporal
		  Household Choice, includes inheritance and gift taxes, Life
		  Cycle Models and Saving, Macroeconomics: Consumption,
		  Saving, Wealth, Household Finance: Household Saving,
		  Borrowing, Debt, and Wealth, Personal Income and Other
		  Nonbusiness Taxes and Subsidies},
  pages		= {1--54},
  file		= {Snapshot:C\:\\Users\\ifr\\Zotero\\storage\\JSR3NCW9\\articles.html:text/html}
}

@Article{	  davis_recessions_2011,
  issn		= {00072303, 15334465},
  url		= {http://www.jstor.org/stable/41473597},
  author	= {Steven J. Davis and Till Von Wachter},
  journal	= {Brookings Papers on Economic Activity},
  pages		= {1--72},
  publisher	= {Brookings Institution Press},
  title		= {Recessions and the Costs of Job Loss},
  urldate	= {2022-04-08},
  year		= {2011}
}

@TechReport{	  benigno2023baaack,
  title		= "It’s Baaack: The Surge in Inflation in the 2020s and the
		  Return of the Non-Linear Phillips Curve",
  author	= "Benigno, Pierpaolo and Eggertsson, Gauti B",
  institution	= "National Bureau of Economic Research",
  type		= "Working Paper",
  series	= "Working Paper Series",
  number	= "31197",
  year		= "2023",
  month		= "April",
  doi		= {10.3386/w31197},
  url		= "http://www.nber.org/papers/w31197"
}

@TechReport{	  blanco2024nonlinear,
  title		= "Non-Linear Inflation Dynamics in Menu Cost Economies",
  author	= "Blanco, Andres and Boar, Corina and Jones, Callum J and
		  Midrigan, Virgiliu",
  institution	= "National Bureau of Economic Research",
  type		= "Working Paper",
  series	= "Working Paper Series",
  number	= "32094",
  year		= "2024",
  month		= "January",
  doi		= {10.3386/w32094},
  url		= "http://www.nber.org/papers/w32094"
}
